@inproceedings{newtypes,
 author = {Weirich, Stephanie and Vytiniotis, Dimitrios and Peyton Jones, Simon and Zdancewic, Steve},
 title = {Generative type abstraction and type-level computation},
 booktitle = {Proceedings of the 38th annual ACM SIGPLAN-SIGACT symposium on Principles of programming languages},
 series = {POPL '11},
 year = {2011},
 isbn = {978-1-4503-0490-0},
 location = {Austin, Texas, USA},
 pages = {227--240},
 numpages = {14},
 url = {http://doi.acm.org/10.1145/1926385.1926411},
 doi = {http://doi.acm.org/10.1145/1926385.1926411},
 acmid = {1926411},
 publisher = {ACM},
 address = {New York, NY, USA},
 keywords = {haskell, newtype deriving, type functions},
}
